<record><leader>00000cas a22000007a 4500</leader><controlfield tag="001">29788884</controlfield><controlfield tag="008">940211d18941894okuwr ne      0    0eng d</controlfield><datafield ind1=" " ind2=" " tag="010"><subfield code="a">sn 94058741 </subfield></datafield><datafield ind1=" " ind2=" " tag="040"><subfield code="a">OBN</subfield><subfield code="b">eng</subfield><subfield code="c">OBN</subfield><subfield code="d">OCLCQ</subfield><subfield code="d">OCLCO</subfield></datafield><datafield ind1="1" ind2=" " tag="029"><subfield code="a">AU@</subfield><subfield code="b">000025849383</subfield></datafield><datafield ind1=" " ind2=" " tag="042"><subfield code="a">msc</subfield></datafield><datafield ind1=" " ind2=" " tag="043"><subfield code="a">n-us-ok</subfield></datafield><datafield ind1="0" ind2="4" tag="245"><subfield code="a">The Pawnee times-democrat.</subfield></datafield><datafield ind1="3" ind2=" " tag="246"><subfield code="a">Times-democrat</subfield></datafield><datafield ind1=" " ind2=" " tag="260"><subfield code="a">Pawnee, O.T. [Okla.] :</subfield><subfield code="b">J.G. Cash</subfield></datafield><datafield ind1=" " ind2=" " tag="300"><subfield code="a">v.</subfield></datafield><datafield ind1=" " ind2=" " tag="310"><subfield code="a">Weekly</subfield></datafield><datafield ind1="0" ind2=" " tag="362"><subfield code="a">Vol. 1, no. 15 (Mar. 16, 1894)-v. 1, no. 19 (Apr. 13, 1894).</subfield></datafield><datafield ind1=" " ind2=" " tag="580"><subfield code="a">Formed by the union of: Pawnee weekly pioneer; and Magic City record; and: Pawnee democrat; and Pawnee times.</subfield></datafield><datafield ind1=" " ind2="0" tag="651"><subfield code="a">Pawnee (Okla.)</subfield><subfield code="v">Newspapers.</subfield></datafield><datafield ind1=" " ind2="0" tag="651"><subfield code="a">Pawnee County (Okla.)</subfield><subfield code="v">Newspapers.</subfield></datafield><datafield ind1=" " ind2="0" tag="651"><subfield code="a">Oklahoma Territory (Okla.)</subfield><subfield code="v">Newspapers.</subfield></datafield><datafield ind1=" " ind2=" " tag="752"><subfield code="a">United States</subfield><subfield code="b">Oklahoma</subfield><subfield code="c">Pawnee</subfield><subfield code="d">Pawnee.</subfield></datafield><datafield ind1="0" ind2="4" tag="780"><subfield code="t">Pawnee weekly pioneer</subfield><subfield code="w">(DLC)sn 94058739</subfield><subfield code="w">(OCoLC)29788698</subfield></datafield><datafield ind1="0" ind2="4" tag="780"><subfield code="t">Magic City record (Pawnee, Okla.)</subfield></datafield><datafield ind1="0" ind2="0" tag="780"><subfield code="t">Pawnee democrat</subfield></datafield><datafield ind1="0" ind2="4" tag="780"><subfield code="t">Pawnee times</subfield><subfield code="w">(DLC)sn 94058740</subfield><subfield code="w">(OCoLC)29788798</subfield></datafield><datafield ind1="0" ind2="4" tag="780"><subfield code="t">Times-democrat (Pawnee, Okla.)</subfield><subfield code="w">(DLC)sn 94058742</subfield><subfield code="w">(OCoLC)29789036</subfield></datafield></record>